
@inproceedings{gondor2014sonic,
  title={SONIC: Towards seamless interaction in heterogeneous distributed OSN ecosystems},
  author={G{\"o}nd{\"o}r, Sebastian and Hebbo, Hussam},
  booktitle={Wireless and Mobile Computing, Networking and Communications (WiMob), 2014 IEEE 10th International Conference on},
  pages={407--412},
  year={2014},
  organization={IEEE}
}

@inproceedings{gondor2016distributed,
  title={Distributed and Domain-Independent Identity Management for User Profiles in the SONIC Online Social Network Federation},
  author={G{\"o}nd{\"o}r, Sebastian and Beierle, Felix and Sharhan, Senan and K{\"u}pper, Axel},
  booktitle={International Conference on Computational Social Networks},
  pages={226--238},
  year={2016},
  organization={Springer International Publishing}
}


@article{lakshman2010cassandra,
	title={{Cassandra: A Decentralized Structured Storage System}},
	author={Lakshman, Avinash and Malik, Prashant},
	journal={ACM SIGOPS Operating Systems Review},
	volume={44},
	number={2},
	pages={35--40},
	year={2010},
	publisher={ACM}
}

@inproceedings{massey06acomparative,
	author = {Dan Massey},
	title = {{A Comparative Study of the DNS Design with DHT-Based Alternatives}},
	booktitle = {Proceedings of IEEE INFOCOM'06},
	year = {2006}
}

@article{ramasubramanian2004design,
	title={{The Design and Implementation of a Next Generation Name Service for the Internet}},
	author={Ramasubramanian, Venugopalan and Sirer, Emin G{\"u}n},
	journal={ACM SIGCOMM Computer Communication Review},
	volume={34},
	number={4},
	pages={331--342},
	year={2004},
	publisher={ACM}
}

@inproceedings{maymounkov2002kademlia,
	author = {Maymounkov, Petar and Mazi\`{e}res, David},
	title = {{Kademlia: A Peer-to-Peer Information System Based on the XOR Metric}},
	booktitle = {Revised Papers from the First International Workshop on Peer-to-Peer Systems},
	series = {IPTPS '01},
	year = {2002},
	isbn = {3-540-44179-4},
	pages = {53--65},
	numpages = {13},
	acmid = {687801},
	publisher = {Springer-Verlag},
	address = {London, UK, UK},
}

@misc{bocek2012tomp2p,
	title={{TomP2P, a P2P-based high performance key-value pair storage library}},
	author={Bocek, Thomas},
	note = {\url{http://tomp2p.net}},
	year={2012}
}

@misc{bocek2009tomp2p,
	title={{TomP2P - A Distributed Multi Map}},
	author={Bocek, Thomas},
	year={2009}
}

@misc{clip2007gnutella,
	title={{Gnutella Protocol Specification v0.4}},
	author={Frankel, Justin and Pepper, T},
	year={2007},
	note={\url{http://web.stanford.edu/class/cs244b/gnutella_protocol_0.4.pdf}}
}

@online{EthereumMainPage,
  author = {Ethereum},
  title = {Ethereum website},
  year = 2017,
  url = {https://www.ethereum.org},
  urldate = {2017-05-06}
}

@online{BitcoinMainPage,
  author = {Bitcoin},
  title = {Bitcoin website},
  year = 2017,
  url = {https://bitcoin.org/},
  urldate = {2017-05-06}
}

@online{EthereumLaunch,
  author = {Grace Caffyn},
  title = {Ethereum Launches Long-Awaited Decentralized App Network},
  year = 2015,
  url = {http://www.coindesk.com/ethereum-decentralized-app-network-launch/},
  urldate = {2017-05-06}
}

http://www.finanzen.net/devisen/ethereum-euro/chart
@online{EthereumEuroChart,
  title = {Ethereum Euro last 3 year chart},
  year = 2017,
  url = {http://www.finanzen.net/devisen/ethereum-euro/chart},
  urldate = {2017-05-06}
}

@online{SecureIDNews,
author= {Zack Martin},
title = {Blockchain and identity},
year = 2016,
url = {https://www.secureidnews.com/news-item/blockchain-and-identity/},
urldate={2017-05-15}
}

@online{SecureIDNews,
author= {Zack Martin},
title = {Blockchain and identity},
year = 2016,
url = {https://www.secureidnews.com/news-item/bitcoin-and-blockchain-for-dummies/},
urldate={2017-05-15}
}

@online{NameCoinMainPage,
  author = {NameCoin},
  title = {NameCoin website},
  year = 2017,
  url = {https://namecoin.org/},
  urldate = {2017-05-25}
}

@online{IBMBlockchainPage,
  author = {IBM},
  title = {IBM Blockchain website},
  year = 2017,
  url = {https://www.ibm.com/blockchain/hyperledger.html},
  urldate = {2017-05-25}
}

@online{HyperledgerMainPage,
  author = {The Linux Foundation},
  title = {Hyperledger website},
  year = 2017,
  url = {https://www.hyperledger.org/},
  urldate = {2017-05-25}
}


@online{Storj,
  author = {Shawn Wilkinson et al.},
  title = {Storj A Peer-to-Peer Cloud Storage Network},
  year = 2016,
  url = {https://storj.io/storj.pdf},
  urldate = {2017-05-25}
}

@online{IPFS,
  author = {Juan Benet},
  title = {IPFS - Content Addressed, Versioned, P2P File System (DRAFT 3) },
  year = 2017,
  url = {https://ipfs.io/},
  urldate = {2017-05-25}
}

@online{SwarmWebsite,
  author = {Swarm},
  title = {SWARM SERVERLESS HOSTING INCENTIVISED PEER-TO-PEER STORAGE AND CONTENT DISTRIBUTION},
  year = 2017,
  url = {http://swarm-gateways.net/bzz:/theswarm.eth/},
  urldate = {2017-05-25}
}

@online{FileCoinWebsite,
  title = {Filecoin: A Cryptocurrency Operated File Storage Network },
  year = 2014,
  url = {http://filecoin.io/filecoin.pdf},
  urldate = {2017-05-25}
}

@online{RSAImplementation,
  title = {Support RSA signature verification},
  year = 2016,
  url = {https://github.com/ethereum/EIPs/issues/74},
  urldate = {2017-06-29}
}

@online{ECImplementation,
  title = {Elliptic Curve Implementation in Solidity},
  year = 2016,
  url = {https://github.com/jbaylina/ecsol},
  urldate = {2017-06-29}
}

@online{IdentityManagement,
 title = {Introduction to Identity Mangement },
 year=2003,
 url = {https://www.sans.org/reading-room/whitepapers/authentication/introduction-identity-management-852},
 urldate={2017-05-14}
}

@online{Blockchain,
title={Blockchain for Identity Management},
year=2017,
url = {https://letstalkpayments.com/22-companies-leveraging-blockchain-for-identity-management-and-authentication/},
urldate={2017-05-14}
}

@online{RSA,
title={A (relatively easy to understand) primer on elliptic curve cryptography},
year=2013,
url = {https://arstechnica.com/security/2013/10/a-relatively-easy-to-understand-primer-on-elliptic-curve-cryptography/},
urldate={2017-07-17}
}

@online{miningTime,
title={Why is the average block time 17 seconds?},
year=2016,
url={https://ethereum.stackexchange.com/questions/58/why-is-the-average-block-time-17-seconds},
urldate={2017-07-20}
}
